<record><leader>00000cas a2200000 a 4500</leader><controlfield tag="001">5025315</controlfield><controlfield tag="008">790601c18629999wiudn ne      0   a0eng c</controlfield><datafield ind1=" " ind2=" " tag="010"><subfield code="a">sn 84007116 </subfield></datafield><datafield ind1=" " ind2=" " tag="040"><subfield code="a">JNA</subfield><subfield code="b">eng</subfield><subfield code="c">JNA</subfield><subfield code="d">MUL</subfield><subfield code="d">NSD</subfield><subfield code="d">NPV</subfield><subfield code="d">DLC</subfield><subfield code="d">NPX</subfield><subfield code="d">MGN</subfield><subfield code="d">RHN</subfield><subfield code="d">NVF</subfield><subfield code="d">MGN</subfield><subfield code="d">CNK</subfield><subfield code="d">NVJ</subfield><subfield code="d">NVF</subfield><subfield code="d">OCL</subfield><subfield code="d">NVF</subfield><subfield code="d">CRL</subfield><subfield code="d">DLC</subfield><subfield code="d">NVF</subfield><subfield code="d">DLC</subfield><subfield code="d">CUS</subfield><subfield code="d">OCLCQ</subfield><subfield code="d">OCLCF</subfield><subfield code="d">NDD</subfield><subfield code="d">CUS</subfield></datafield><datafield ind1="1" ind2=" " tag="022"><subfield code="a">0749-405X</subfield><subfield code="l">0749-405X</subfield><subfield code="2">1</subfield></datafield><datafield ind1=" " ind2=" " tag="032"><subfield code="a">688720</subfield><subfield code="b">USPS</subfield></datafield><datafield ind1=" " ind2=" " tag="037"><subfield code="b">Wisconsin state journal, 1901 Fish Hatchery Rd., P.O. Box 8058, Madison, WI 53708</subfield></datafield><datafield ind1=" " ind2=" " tag="042"><subfield code="a">nsdp</subfield><subfield code="a">pcc</subfield></datafield><datafield ind1=" " ind2=" " tag="043"><subfield code="a">n-us-wi</subfield></datafield><datafield ind1=" " ind2=" " tag="045"><subfield code="a">w6--</subfield></datafield><datafield ind1="0" ind2="0" tag="050"><subfield code="a">Newspaper</subfield></datafield><datafield ind1=" " ind2=" " tag="052"><subfield code="a">4123</subfield><subfield code="b">D3</subfield></datafield><datafield ind1=" " ind2=" " tag="090"><subfield code="a">AN</subfield></datafield><datafield ind1="0" ind2=" " tag="130"><subfield code="a">Wisconsin state journal (Madison, Wis. : 1862)</subfield></datafield><datafield ind1=" " ind2="0" tag="222"><subfield code="a">Wisconsin state journal</subfield></datafield><datafield ind1="1" ind2="0" tag="245"><subfield code="a">Wisconsin state journal.</subfield></datafield><datafield ind1="1" ind2=" " tag="246"><subfield code="i">Published on Sundays Nov. 3, 1912-Aug. 10, 1919 as:</subfield><subfield code="a">Sunday state journal</subfield></datafield><datafield ind1="3" ind2="0" tag="246"><subfield code="a">Wisconsin journal</subfield></datafield><datafield ind1=" " ind2=" " tag="260"><subfield code="a">Madison, Wis. :</subfield><subfield code="b">Atwood &amp; Rublee,</subfield><subfield code="c">1862-</subfield></datafield><datafield ind1=" " ind2=" " tag="300"><subfield code="a">v.</subfield></datafield><datafield ind1=" " ind2=" " tag="310"><subfield code="a">Daily,</subfield><subfield code="b">Nov. 3, 1912-</subfield></datafield><datafield ind1=" " ind2=" " tag="321"><subfield code="a">Daily (except Sunday),</subfield><subfield code="b">1862-Nov. 2, 1912</subfield></datafield><datafield ind1="0" ind2=" " tag="362"><subfield code="a">Vol. 10, no. 278 (Aug. 8, 1862)-</subfield></datafield><datafield ind1=" " ind2=" " tag="500"><subfield code="a">Publisher varies.</subfield></datafield><datafield ind1=" " ind2=" " tag="525"><subfield code="a">Supplements accompany some issues.</subfield></datafield><datafield ind1=" " ind2=" " tag="530"><subfield code="a">Also available on microfilm from Bell &amp; Howell Information and Learning, and the Library of Congress, Photoduplication Service.</subfield></datafield><datafield ind1=" " ind2=" " tag="580"><subfield code="a">Weekly ed.: Wisconsin state journal (Madison, Wis. : Weekly), &lt;1865-1880&gt;.</subfield></datafield><datafield ind1=" " ind2=" " tag="580"><subfield code="a">Triweekly eds.: Wisconsin state journal, (Madison, Wis. : Triweekly), &lt;1865&gt;, and: Tri-weekly state journal, &lt;1866-1883&gt;.</subfield></datafield><datafield ind1=" " ind2=" " tag="588"><subfield code="a">Latest issue consulted: 161st year, no. 71 (Mar. 12, 2001).</subfield></datafield><datafield ind1=" " ind2="0" tag="651"><subfield code="a">Madison (Wis.)</subfield><subfield code="v">Newspapers.</subfield></datafield><datafield ind1=" " ind2="0" tag="651"><subfield code="a">Dane County (Wis.)</subfield><subfield code="v">Newspapers.</subfield></datafield><datafield ind1=" " ind2="7" tag="651"><subfield code="a">Wisconsin</subfield><subfield code="z">Dane County.</subfield><subfield code="2">fast</subfield><subfield code="0">(OCoLC)fst01208496</subfield></datafield><datafield ind1=" " ind2="7" tag="651"><subfield code="a">Wisconsin</subfield><subfield code="z">Madison.</subfield><subfield code="2">fast</subfield><subfield code="0">(OCoLC)fst01205840</subfield></datafield><datafield ind1=" " ind2="7" tag="655"><subfield code="a">Newspapers.</subfield><subfield code="2">fast</subfield><subfield code="0">(OCoLC)fst01423814</subfield></datafield><datafield ind1=" " ind2=" " tag="752"><subfield code="a">United States</subfield><subfield code="b">Wisconsin</subfield><subfield code="c">Dane</subfield><subfield code="d">Madison.</subfield></datafield><datafield ind1="1" ind2=" " tag="775"><subfield code="t">Wisconsin state journal (Madison, Wis. : Weekly)</subfield><subfield code="w">(DLC)sn 85033293</subfield><subfield code="w">(OCoLC)11822892</subfield></datafield><datafield ind1="1" ind2=" " tag="775"><subfield code="t">Wisconsin state journal (Madison, Wis. : Triweekly)</subfield><subfield code="w">(DLC)sn 87052246</subfield><subfield code="w">(OCoLC)15242060</subfield></datafield><datafield ind1="1" ind2=" " tag="775"><subfield code="t">Tri-weekly state journal</subfield><subfield code="w">(DLC)sn 84025119</subfield><subfield code="w">(OCoLC)11409473</subfield></datafield><datafield ind1="0" ind2="8" tag="776"><subfield code="i">Online version:</subfield><subfield code="t">Wisconsin state journal (Madison, Wis. : 1862 : Online)</subfield><subfield code="w">(OCoLC)45548250</subfield></datafield><datafield ind1="0" ind2="0" tag="780"><subfield code="t">Wisconsin daily state journal</subfield><subfield code="w">(DLC)sn 85040406</subfield><subfield code="w">(OCoLC)11930931</subfield></datafield><datafield ind1="0" ind2="5" tag="780"><subfield code="t">Madison Democrat (Madison, Wis. : Daily)</subfield><subfield code="w">(DLC)sn 84025142</subfield><subfield code="w">(OCoLC)11480162</subfield></datafield><datafield ind1="0" ind2="8" tag="787"><subfield code="i">Cumulated in microfiche index:</subfield><subfield code="t">Wisconsin state journal index</subfield><subfield code="w">(DLC)  2004206278</subfield><subfield code="w">(OCoLC)12980868</subfield></datafield><datafield ind1="4" ind2="1" tag="856"><subfield code="u">http://www.madison.com/wisconsinstatejournal/</subfield></datafield><datafield ind1="4" ind2="1" tag="856"><subfield code="u">http://www.lexisnexis.com/hottopics/lnacademic/?verb=sr&amp;csi=145460</subfield></datafield><datafield ind1="4" ind2="1" tag="856"><subfield code="3">EBSCOhost: 02/09/1997 to present.</subfield><subfield code="u">http://search.ebscohost.com/login.aspx?direct=true&amp;db=nfh&amp;jn=Wisconsin+State+Journal,+The+(Madison,+WI)&amp;site=ehost-live&amp;scope=site</subfield></datafield><datafield ind1="1" ind2=" " tag="029"><subfield code="a">AU@</subfield><subfield code="b">000020227798</subfield></datafield><datafield ind1="1" ind2=" " tag="029"><subfield code="a">NZ1</subfield><subfield code="b">16067292</subfield></datafield></record>